<?xml version="1.0" encoding="UTF-8"?><collection xmlns="http://www.loc.gov/MARC21/slim"><record><leader>00430nam--2200133-i-4500</leader><controlfield tag="001">000037148</controlfield><controlfield tag="002">20161230</controlfield><controlfield tag="005">20161230201041</controlfield><controlfield tag="008">060222s1000------------r-----000-0-eng-d</controlfield><datafield ind1=" " ind2=" " tag="080"><subfield code="a">530.145.8</subfield></datafield><datafield ind1=" " ind2=" " tag="245"><subfield code="a">Probleme de teoria relatiilor de dispersie. rezultate noi. trad.din l.sovietica de specialitate si articole roman</subfield></datafield><datafield ind1=" " ind2=" " tag="260"><subfield code="a">Bucuresti, I.S.R.S., 1963, 197p</subfield></datafield><datafield ind1=" " ind2=" " tag="490"><subfield code="a">Bibl.Analelor Romano-sovietice. Tehnica</subfield></datafield><datafield ind1=" " ind2=" " tag="852"><subfield code="a">9083</subfield></datafield></record></collection>